@INPROCEEDINGS{slivarimpact,
  author={I. {Slivar} and M. {Suznjevic} and L. {Skorin-Kapov}},
  booktitle={2015 Seventh International Workshop on Quality of Multimedia Experience (QoMEX)}, 
 title={The impact of video encoding parameters and game type on QoE for cloud gaming: A case study using the steam platform}, 
  year={2015},
  volume={},
  number={},
  pages={1-6},
  doi={10.1109/QoMEX.2015.7148144},
  ISSN={},
  month={5}
  }

@Inbook{Soliman2013,
  author="Soliman, Omar
  and Rezgui, Abdelmounaam
  and Soliman, Hamdy
  and Manea, Najib",
  editor="Daniel, Florian
  and Papadopoulos, George A.
  and Thiran, Philippe",
  chapter="Mobile Cloud Gaming: Issues and Challenges",
  title="Mobile Web Information Systems: 10th International Conference, MobiWIS 2013, Paphos, Cyprus, August 26-29, 2013. Proceedings",
  year="2013",
  publisher="Springer Berlin Heidelberg",
  address="Berlin, Heidelberg",
  pages="121--128",
  isbn="978-3-642-40276-0",
  doi="10.1007/978-3-642-40276-0_10"
}

@INPROCEEDINGS{5976180,
  author={Jarschel, M. and Schlosser, D. and Scheuring, S. and Ho√üfeld, T.},
  booktitle={Innovative Mobile and Internet Services in Ubiquitous Computing (IMIS), 2011 Fifth International Conference on},
  title={An Evaluation of {QoE} in Cloud Gaming Based on Subjective Tests},
  year={2011},
  month={6},
  pages={330-335},
  keywords={cloud computing;computer games;QoE;broadband Internet connection;cloud computing;cloud gaming;data center;gaming hardware;high definition video;key influence factors;online gaming;quality of experience;retail chain;service quality;Delay;Games;Hardware;Quality of service;Servers;Software;Streaming media;Cloud Gaming;QoE;Survey},
  doi={10.1109/IMIS.2011.92},
}

@inproceedings{Choy:2012:BSC:2501560.2501563,
  author = {Choy, Sharon and Wong, Bernard and Simon, Gwendal and Rosenberg, Catherine},
  title = {The Brewing Storm in Cloud Gaming: A Measurement Study on Cloud to End-user Latency},
  booktitle = {Proceedings of the 11th Annual Workshop on Network and Systems Support for Games},
  series = {NetGames '12},
  year = {2012},
  isbn = {978-1-4673-4578-1},
  location = {Venice, Italy},
  pages = {2:1--2:6},
  articleno = {2},
  numpages = {6},
  url = {http://dl.acm.org/citation.cfm?id=2501560.2501563},
  acmid = {2501563},
  publisher = {IEEE Press}
} 

@INPROCEEDINGS{6924295,
  author={Hans, R. and Lampe, U. and Burgstahler, D. and Hellwig, M. and Steinmetz, R.},
  booktitle={Mobile Services (MS), 2014 IEEE International Conference on},
  title={Where Did My Battery Go? Quantifying the Energy Consumption of Cloud Gaming},
  year={2014},
  pages={63-67},
  keywords={Internet;cloud computing;computer games;mobile computing;multimedia computing;power aware computing;Internet;WLAN;cloud computing paradigm;cloud gaming services;complex multimedia services;energy consumption;energy saving;game content;mobile client;mobile cloud gaming system;mobile device;network connection type;video games;wireless interfaces;Cloud computing;Energy consumption;Games;Mobile communication;Mobile handsets;Streaming media;Wireless LAN;cloud computing;cloud gaming;comparison;energy;experiment;mobile gaming;smartphone},
  doi={10.1109/MobServ.2014.18},
  month={6},
}

@inproceedings{Huang:2014:MCP:2755535.2755542,
  author = {Huang, Chun-Ying and Chen, Po-Han and Huang, Yu-Ling and Chen, Kuan-Ta and Hsu, Cheng-Hsin},
  title = {Measuring the Client Performance and Energy Consumption in Mobile Cloud Gaming},
  booktitle = {Proceedings of the 13th Annual Workshop on Network and Systems Support for Games},
  series = {NetGames '14},
  year = {2014},
  location = {Nagoya, Japan},
  pages = {5:1--5:3},
  articleno = {5},
  numpages = {3},
  url = {http://dl.acm.org/citation.cfm?id=2755535.2755542},
  acmid = {2755542},
  publisher = {IEEE Press},
}

@ARTICLE{6882299,
  author={Seong-Ping Chuah and Chau Yuen and Ngai-Man Cheung},
  journal={Wireless Communications, IEEE},
  title={Cloud gaming: a green solution to massive multiplayer online games},
  year={2014},
  volume={21},
  number={4},
  pages={78-87},
  keywords={cloud computing;computer games;data compression;green computing;mobile computing;network computers;rendering (computer graphics);smart phones;software maintenance;video coding;advanced video gaming;bit rate reduction;broadband Internet;cloud computing;cloud data center;cloud gaming subsystems;economical scaling;game streaming;graphics rendering;graphics renderings;green designs;green media;green solution;high-speed mobile Internet;massive multiplayer online games;mobile clients;mobile devices;network delivery;personal computers;service life spans;smartphones;software maintenance;tablets;thin clients;video compression;Cloud computing;Games;Green products;Mobile handsets;Rendering (computer graphics);Servers;Wireless sensor networks},
  doi={10.1109/MWC.2014.6882299},
  ISSN={1536-1284},
  month={8},
  }

  @ARTICLE{6853364,
  author={Hua-Jun Hong and De-Yu Chen and Chun-Ying Huang and Kuan-Ta Chen and Cheng-Hsin Hsu},
  journal={Cloud Computing, IEEE Transactions on},
  title={Placing Virtual Machines to Optimize Cloud Gaming Experience},
  year={2015},
  month={1},
  volume={3},
  number={1},
  pages={42-53},
  keywords={cloud computing;computer games;optimisation;quality of experience;virtual machines;QoE;close-to-optimal solutions;closed cloud gaming services;cloud gaming experience optimization;cloud gaming provider total-profit maximization;cloud gaming providers;exponential running time;gamer quality-of-experience;heuristic algorithm;off-the-shelf virtualization software;performance models;provider net profit;trace-driven simulations;virtual machines;Cloud computing;Data models;Delays;Games;Graphics processing units;Heuristic algorithms;Servers;Cloud gaming;live video streaming;performance evaluation;performance optimization;real-time encoding;remote rendering},
  doi={10.1109/TCC.2014.2338295},
  ISSN={2168-7161},
}

@INPROCEEDINGS{6365107,
  author={Ta Nguyen Binh Duong and Xiaorong Li and Goh, R.S.M. and Xueyan Tang and Wentong Cai},
  booktitle={Distributed Simulation and Real Time Applications (DS-RT), 2012 IEEE/ACM 16th International Symposium on},
  title={QoS-Aware Revenue-Cost Optimization for Latency-Sensitive Services in IaaS Clouds},
  year={2012},
  pages={11-18},
  keywords={cloud computing;optimisation;quality of service;scheduling;Amazon EC2;IaaS cloud;QoS requirement;QoS-aware revenue-cost optimization;batch processing;cloud resource cost;cloud resource scaling;cloud scaling framework;cloud-based application service provider;computing resources;dynamic workload;infrastructure-as-a-service;latency-sensitive service;online game server;online gaming service;request scheduling discipline;resource provisioning algorithm;Exponential distribution;Games;Heuristic algorithms;Optimization;Quality of service;Scheduling;Servers;IaaS;cloud;dynamic provisioning;latency sensitive services;quality of service},
  doi={10.1109/DS-RT.2012.11},
  ISSN={1550-6525},
  month={10},
}

@INPROCEEDINGS{6740249,
  author={Hans, R. and Lampe, U. and Steinmetz, R.},
  booktitle={Cloud Computing (CLOUD), 2013 IEEE Sixth International Conference on},
  title={QoS-Aware, Cost-Efficient Selection of Cloud Data Centers},
  year={2013},
  pages={946-947},
  keywords={cloud computing;computational complexity;computer centres;optimisation;quality of service;QoS requirements;QoS-aware selection;cloud computing;cloud data center selection problem;computational complexity;cost-efficient selection;exact optimization approach;heuristic optimization approach;multimedia services;quality of service;Cloud computing;Data models;Mathematical model;Multimedia communication;Optimization;Quality of service;Streaming media;cloud computing;cost;data center;location;multimedia;quality of service;selection},
  doi={10.1109/CLOUD.2013.113},
  month={6},
}

@INPROCEEDINGS{1266180,
  author={Armitage, G.},
  booktitle={Networks, 2003. ICON2003. The 11th IEEE International Conference on},
  title={An experimental estimation of latency sensitivity in multiplayer Quake 3},
  year={2003},
  month={9},
  pages={137-141},
  keywords={Internet;computer games;Internet-based game;ball-park indicator;counterstrike;distinct player population;first person shooter game;game servers;multiplayer Quake 3;network placement;online games;server logfiles;Australia;Delay;IP networks;Instruments;Intelligent networks;Internet;Network servers;Technology planning;Web server},
  doi={10.1109/ICON.2003.1266180},
  ISSN={1531-2216},
}

@inproceedings{Beigbeder:2004:ELL:1016540.1016556,
  author = {Beigbeder, Tom and Coughlan, Rory and Lusher, Corey and Plunkett, John and Agu, Emmanuel and Claypool, Mark},
  title = {The Effects of Loss and Latency on User Performance in Unreal Tournament 2003},
  booktitle = {Proceedings of 3rd ACM SIGCOMM Workshop on Network and System Support for Games},
  series = {NetGames '04},
  year = {2004},
  isbn = {1-58113-942-X},
  location = {Portland, Oregon, USA},
  pages = {144--151},
  numpages = {8},
  url = {http://doi.acm.org/10.1145/1016540.1016556},
  doi = {10.1145/1016540.1016556},
  acmid = {1016556},
  publisher = {ACM}
}

@ARTICLE{6670099,
  author={Kuan-Ta Chen and Yu-chun Chang and Hwai-Jung Hsu and De-Yu Chen and Chun-Ying Huang and Cheng-Hsin Hsu},
  journal={Multimedia, IEEE Transactions on},
  title={On the Quality of Service of Cloud Gaming Systems},
  year={2014},
  month={2},
  volume={16},
  number={2},
  pages={480-495},
  keywords={cloud computing;computer games;network computers;network servers;quality of service;rendering (computer graphics);video streaming;OnLive;QoS;StreamMyGame;adaptable frame rates;cloud gaming system;graphic quality;internal mechanisms;measurement techniques;network bandwidth;real-time game playing;server processing delays;thin clients;user-perceived quality of service;Computers;Delays;Games;Graphics;Measurement techniques;Quality of service;Servers;Cloud gaming;live video streaming;measurement;performance evaluation;remote rendering},
  doi={10.1109/TMM.2013.2291532},
  ISSN={1520-9210},
}

@article{beyer2014typedisplaydelayimpact,
  author={Beyer, Justus and M√∂ller, Sebastian},
  journal={PIK - Praxis der Informationsverarbeitung und Kommunikation},
  title={Assessing the Impact of Game Type, Display Size and Network Delay on Mobile Gaming QoE},
  year={2014},
  month={12},
  volume={37},
  number={4},
  pages={287-295},
  doi={10.1515/pik-2014-0030},
  url={www.degruyter.com/view/j/piko.2014.37.issue-4/pik-2014-0030/pik-2014-0030.xml}
}

@article{Jarschel20132883,
  title = "Gaming in the clouds: QoE and the users‚Äô perspective ",
  journal = "Mathematical and Computer Modelling ",
  volume = "57",
  number = "11‚Äì12",
  pages = "2883 - 2894",
  year = "2013",
  note = "Information System Security and Performance Modeling and Simulation for Future Mobile Networks ",
  issn = "0895-7177",
  doi = "http://dx.doi.org/10.1016/j.mcm.2011.12.014",
  url = "http://www.sciencedirect.com/science/article/pii/S0895717711007771",
  author = "Michael Jarschel and Daniel Schlosser and Sven Scheuring and Tobias Ho√üfeld",
  keywords = "Cloud Gaming",
  keywords = "QoE",
  keywords = "Survey "
}

@INPROCEEDINGS{6614351,
  author={Clincy, V. and Wilgor, B.},
  booktitle={Information Technology: New Generations (ITNG), 2013 Tenth International Conference on},
  title={Subjective Evaluation of Latency and Packet Loss in a Cloud-Based Game},
  year={2013},
  month={4},
  pages={473-476},
  keywords={cloud computing;computer games;media streaming;quality of experience;QoE;cloud-based game;cloud-based on-demand video game service;delay variation;latency;movies streaming;multimedia system streaming;music streaming;negative network effects;on-demand multimedia services;packet loss;subjective evaluation;subjective impact;television streaming;transient network effects;user quality of experience;video games streaming;Cloud computing;Delays;Games;Indexes;Packet loss;Cloud Gaming;Latency;Performance;QoE},
  doi={10.1109/ITNG.2013.79},
}

@inproceedings{mollertowards,
  author={Moller, S. and Antons, J.-N. and Beyer, J. and Egger, S. and Nunez Castellar, E. and Skorin-Kapov, L. and Suznjevic, M.},
  booktitle={Quality of Multimedia Experience (QoMEX), 2015 Seventh International Workshop on},
  title={Towards a new ITU-T recommendation for subjective methods evaluating gaming QoE},
  year={2015},
  pages={1-6},
  keywords={computer games;quality of experience;ITU-T SG12;ITU-T recommendation;International Telecommunication Union;Study Group 12;computer game;gaming QoE;gaming content;gaming quality of experience;subjective evaluation methods;Games;Interviews;Physiology;Quality assessment;Servers;Streaming media;Visualization;Computer game;ITU-T;gaming QoE;standard;subjective evaluation method},
  doi={10.1109/QoMEX.2015.7148155},
  month={5},
}

@inproceedings{thanh2012enabling,
  title={Enabling Experiments for Energy-efficient Data Center Networks on Openflow-based Platform},
  author={Thanh, Nguyen Huu and Nam, Pham Ngoc and Truong, Thu-Huong and Hung, Nguyen Tai and Doanh, Luong Kim and Pries, Rastin},
  booktitle={Communications and Electronics (ICCE), 2012 Fourth International Conference on},
  pages={239--244},
  year={2012},
  organization={IEEE}
}

@inproceedings{metzger2016gamesframes,
	author = {Metzger, Florian and Rafetseder, Albert and Schwartz, Christian and Ho√üfeld, Tobias},
	title = {Games and Frames: A Strange Tale of QoE Studies},
	booktitle = {Proceedings of the 8th International Conference on Quality of Multimedia Experience},
	series = {QoMEX 2016},
	year = {2016},
	month = {June}
}

@inproceedings{Metzger2016,
  author={Florian Metzger and Albert Rafetseder and Christian Schwartz},
  title={A Comprehensive End-to-End Lag Model for Online and Cloud Video Gaming},
  year=2016,
  booktitle={Proc. 5th ISCA/DEGA Workshop on Perceptual Quality of Systems (PQS 2016)},
  pages={15--19},
  doi={10.21437/PQS.2016-5},
  url={http://dx.doi.org/10.21437/PQS.2016-5}
}
